<?xml version="1.0" encoding="UTF-8"?><record xmlns="http://www.loc.gov/MARC21/slim" xmlns:cinclude="http://apache.org/cocoon/include/1.0" xmlns:zs="http://www.loc.gov/zing/srw/">
  <leader>00506cz  a2200145n  4500</leader>
  <controlfield tag="001">n  80159096 </controlfield>
  <controlfield tag="003">DLC</controlfield>
  <controlfield tag="005">20080531074807.0</controlfield>
  <controlfield tag="008">801209n| acannaab           |n aaa      </controlfield>
  <datafield tag="010" ind1=" " ind2=" ">
    <subfield code="a">n  80159096 </subfield>
  </datafield>
  <datafield tag="040" ind1=" " ind2=" ">
    <subfield code="a">DLC</subfield>
    <subfield code="c">DLC</subfield>
    <subfield code="d">DLC</subfield>
  </datafield>
  <datafield tag="100" ind1="1" ind2="0">
    <subfield code="a">Teichmann, Frank</subfield>
  </datafield>
  <datafield tag="670" ind1=" " ind2=" ">
    <subfield code="a">Hornung, E. Das Grab des Haremhab im Tal der KoĚnige, 1971.</subfield>
  </datafield>
  <datafield tag="670" ind1=" " ind2=" ">
    <subfield code="a">His Der Gral im Osten, c1986:</subfield>
    <subfield code="b">t.p. (Frank Teichmann) jkt. (b. 1937; Dipl.-Ing.)</subfield>
  </datafield>
  <datafield tag="670" ind1=" " ind2=" ">
    <subfield code="a">Die griechischen Mysterien, 1007:</subfield>
    <subfield code="b">t.p. (Frank Teichmann) jkt. (1937-2006)</subfield>
  </datafield>
</record>